<?xml version="1.0" encoding="UTF-8"?><record xmlns="http://www.loc.gov/MARC21/slim" xmlns:cinclude="http://apache.org/cocoon/include/1.0" xmlns:zs="http://www.loc.gov/zing/srw/">
  <leader>00910nz  a2200157n  4500</leader>
  <controlfield tag="001">no2011096234</controlfield>
  <controlfield tag="003">DLC</controlfield>
  <controlfield tag="005">20110623075223.0</controlfield>
  <controlfield tag="008">110621n| acannaabn          |n aaa     c</controlfield>
  <datafield tag="010" ind1=" " ind2=" ">
    <subfield code="a">no2011096234</subfield>
  </datafield>
  <datafield tag="035" ind1=" " ind2=" ">
    <subfield code="a">(OCoLC)oca08893460</subfield>
  </datafield>
  <datafield tag="040" ind1=" " ind2=" ">
    <subfield code="a">IlMchBWI</subfield>
    <subfield code="b">eng</subfield>
    <subfield code="c">IlMchBWI</subfield>
  </datafield>
  <datafield tag="100" ind1="1" ind2=" ">
    <subfield code="a">Whaley, Crystal</subfield>
  </datafield>
  <datafield tag="670" ind1=" " ind2=" ">
    <subfield code="a">Elmo's world. What makes you happy? [VR], 2007:</subfield>
    <subfield code="b">container (Crystal Whaley; producer)</subfield>
  </datafield>
  <datafield tag="670" ind1=" " ind2=" ">
    <subfield code="a">IMDb, June 20, 2011</subfield>
    <subfield code="b">(Crystal Whaley; producer, production manager)</subfield>
  </datafield>
  <datafield tag="670" ind1=" " ind2=" ">
    <subfield code="a">Sesame Workshop website, June 21, 2011</subfield>
    <subfield code="b">(Crystal Whaley ; ommissions all animation, mixed media and live action films for Sesame Street. She's also responsible for commissioning films for international co-productions and various home video titles. ; executive producing, producing, and commissioning documentaries, commercials and music videos ; ormer Director of Video Production for the award-winning Arista/BMG Records)</subfield>
  </datafield>
</record>